%YAML 1.1
%TAG !u! tag:unity3d.com,2011:
--- !u!1 &166778
GameObject:
  m_ObjectHideFlags: 0
  m_PrefabParentObject: {fileID: 0}
  m_PrefabInternal: {fileID: 100100000}
  serializedVersion: 5
  m_Component:
  - component: {fileID: 413710}
  - component: {fileID: 21207064}
  - component: {fileID: 11428640}
  - component: {fileID: 11413108}
  - component: {fileID: 13521986}
  - component: {fileID: 5443808}
  m_Layer: 0
  m_Name: goBullet
  m_TagString: Bullet
  m_Icon: {fileID: 0}
  m_NavMeshLayer: 0
  m_StaticEditorFlags: 0
  m_IsActive: 1
--- !u!4 &413710
Transform:
  m_ObjectHideFlags: 1
  m_PrefabParentObject: {fileID: 0}
  m_PrefabInternal: {fileID: 100100000}
  m_GameObject: {fileID: 166778}
  m_LocalRotation: {x: 0, y: 0, z: 0, w: 1}
  m_LocalPosition: {x: -3.77, y: 6.29, z: 0}
  m_LocalScale: {x: 2, y: 2, z: 2}
  m_Children: []
  m_Father: {fileID: 0}
  m_RootOrder: 0
  m_LocalEulerAnglesHint: {x: 0, y: 0, z: 0}
--- !u!54 &5443808
Rigidbody:
  m_ObjectHideFlags: 1
  m_PrefabParentObject: {fileID: 0}
  m_PrefabInternal: {fileID: 100100000}
  m_GameObject: {fileID: 166778}
  serializedVersion: 2
  m_Mass: 1
  m_Drag: 0
  m_AngularDrag: 0.05
  m_UseGravity: 0
  m_IsKinematic: 1
  m_Interpolate: 0
  m_Constraints: 0
  m_CollisionDetection: 0
--- !u!114 &11413108
MonoBehaviour:
  m_ObjectHideFlags: 1
  m_PrefabParentObject: {fileID: 0}
  m_PrefabInternal: {fileID: 100100000}
  m_GameObject: {fileID: 166778}
  m_Enabled: 1
  m_EditorHideFlags: 0
  m_Script: {fileID: 11500000, guid: b98a6db0b653f764eac834f85857a9dd, type: 3}
  m_Name: 
  m_EditorClassIdentifier: 
  _serializedBlackboard: '{"_variables":{"bulletMoveSpeed":{"_value":2.0,"_name":"bulletMoveSpeed","_id":"99bab17d-e023-407f-8bdf-e44b1f98f535","$type":"NodeCanvas.Framework.Variable`1[[System.Single,
    mscorlib, Version=2.0.0.0, Culture=neutral, PublicKeyToken=b77a5c561934e089]]"}}}'
  _objectReferences: []
--- !u!114 &11428640
MonoBehaviour:
  m_ObjectHideFlags: 1
  m_PrefabParentObject: {fileID: 0}
  m_PrefabInternal: {fileID: 100100000}
  m_GameObject: {fileID: 166778}
  m_Enabled: 1
  m_EditorHideFlags: 0
  m_Script: {fileID: 11500000, guid: 4b5c3ebb24c97464da319951cafe5a47, type: 3}
  m_Name: 
  m_EditorClassIdentifier: 
  boundGraphSerialization: '{"version":2.6,"type":"FlowCanvas.FlowScript","translation":{"x":-5067.0,"y":-5165.0},"nodes":[{"_inputPortValues":{},"_nodeColor":{"r":1.0,"g":0.3607843,"b":0.3607843,"a":1.0},"_position":{"x":5250.0,"y":5280.0},"$type":"FlowCanvas.Nodes.UpdateEvent","$id":"2"},{"_method":{"_returnInfo":"System.Void","_baseInfo":"UnityEngine.Transform|Translate","_paramsInfo":"System.Single|System.Single|System.Single"},"_callable":true,"_inputPortValues":{"X":{"$content":0.0,"$type":"System.Single"},"Z":{"$content":0.0,"$type":"System.Single"}},"_position":{"x":5865.0,"y":5280.0},"$type":"FlowCanvas.Nodes.ReflectedMethodNodeWrapper","$id":"4"},{"_inputPortValues":{},"_nodeColor":{"r":0.7490196,"g":0.4980392,"b":1.0,"a":1.0},"_position":{"x":6120.0,"y":5370.0},"$type":"FlowCanvas.Nodes.SwitchBool","$id":"7"},{"_method":{"_returnInfo":"System.Void","_baseInfo":"UnityEngine.Object|Destroy","_paramsInfo":"UnityEngine.Object"},"_callable":true,"_inputPortValues":{},"_position":{"x":6330.0,"y":5370.0},"$type":"FlowCanvas.Nodes.ReflectedMethodNodeWrapper","$id":"9"},{"_method":{"_returnInfo":"UnityEngine.Vector3","_baseInfo":"UnityEngine.Transform|get_position","_paramsInfo":""},"_inputPortValues":{},"_position":{"x":5548.0,"y":5492.0},"$type":"FlowCanvas.Nodes.ReflectedMethodNodeWrapper","$id":"12"},{"_method":{"_returnInfo":"System.Single","_baseInfo":"UnityEngine.Vector3|Distance","_paramsInfo":"UnityEngine.Vector3|UnityEngine.Vector3"},"_inputPortValues":{},"_position":{"x":5721.999,"y":5501.999},"$type":"FlowCanvas.Nodes.ReflectedMethodNodeWrapper","$id":"15"},{"_inputPortValues":{"B":{"$content":10.0,"$type":"System.Single"}},"_position":{"x":5915.999,"y":5521.999},"$type":"FlowCanvas.Nodes.SimplexNodeWrapper`1[[FlowCanvas.Nodes.FloatGreaterThan,
    Assembly-CSharp, Version=1.0.0.0, Culture=neutral, PublicKeyToken=null]]","$id":"18"},{"_inputPortValues":{},"_position":{"x":6120.0,"y":5475.0},"$type":"FlowCanvas.Nodes.OwnerVariable","$id":"20"},{"value":{"_name":"bulletMoveSpeed","_targetVariableID":"99bab17d-e023-407f-8bdf-e44b1f98f535"},"_inputPortValues":{},"_position":{"x":5205.0,"y":5385.0},"$type":"FlowCanvas.Nodes.GetVariable`1[[System.Single,
    mscorlib, Version=2.0.0.0, Culture=neutral, PublicKeyToken=b77a5c561934e089]]","$id":"22"},{"_inputPortValues":{"Multiplier":{"$content":1.0,"$type":"System.Single"}},"_position":{"x":5520.0,"y":5385.0},"$type":"FlowCanvas.Nodes.SimplexNodeWrapper`1[[FlowCanvas.Nodes.DeltaTimed,
    Assembly-CSharp, Version=1.0.0.0, Culture=neutral, PublicKeyToken=null]]","$id":"25"},{"_method":{"_returnInfo":"UnityEngine.GameObject","_baseInfo":"UnityEngine.GameObject|FindGameObjectWithTag","_paramsInfo":"System.String"},"_inputPortValues":{"Tag":{"$content":"Player","$type":"System.String"}},"_position":{"x":5201.0,"y":5574.0},"$type":"FlowCanvas.Nodes.ReflectedMethodNodeWrapper","$id":"27"},{"_method":{"_returnInfo":"UnityEngine.Vector3","_baseInfo":"UnityEngine.Transform|get_position","_paramsInfo":""},"_inputPortValues":{},"_position":{"x":5561.0,"y":5568.0},"$type":"FlowCanvas.Nodes.ReflectedMethodNodeWrapper","$id":"30"}],"connections":[{"_sourcePortName":"Out","_targetPortName":"
    ","_sourceNode":{"$ref":"2"},"_targetNode":{"$ref":"4"},"$type":"FlowCanvas.BinderConnection"},{"_sourcePortName":"
    ","_targetPortName":"In","_sourceNode":{"$ref":"4"},"_targetNode":{"$ref":"7"},"$type":"FlowCanvas.BinderConnection"},{"_sourcePortName":"True","_targetPortName":"
    ","_sourceNode":{"$ref":"7"},"_targetNode":{"$ref":"9"},"$type":"FlowCanvas.BinderConnection"},{"_sourcePortName":"Value","_targetPortName":"A","_sourceNode":{"$ref":"12"},"_targetNode":{"$ref":"15"},"$type":"FlowCanvas.BinderConnection`1[[UnityEngine.Vector3,
    UnityEngine.CoreModule, Version=0.0.0.0, Culture=neutral, PublicKeyToken=null]]"},{"_sourcePortName":"Value","_targetPortName":"A","_sourceNode":{"$ref":"15"},"_targetNode":{"$ref":"18"},"$type":"FlowCanvas.BinderConnection`1[[System.Single,
    mscorlib, Version=2.0.0.0, Culture=neutral, PublicKeyToken=b77a5c561934e089]]"},{"_sourcePortName":"Value","_targetPortName":"Condition","_sourceNode":{"$ref":"18"},"_targetNode":{"$ref":"7"},"$type":"FlowCanvas.BinderConnection`1[[System.Boolean,
    mscorlib, Version=2.0.0.0, Culture=neutral, PublicKeyToken=b77a5c561934e089]]"},{"_sourcePortName":"Value","_targetPortName":"Obj","_sourceNode":{"$ref":"20"},"_targetNode":{"$ref":"9"},"$type":"FlowCanvas.BinderConnection`1[[UnityEngine.Object,
    UnityEngine.CoreModule, Version=0.0.0.0, Culture=neutral, PublicKeyToken=null]]"},{"_sourcePortName":"Value","_targetPortName":"Value","_sourceNode":{"$ref":"22"},"_targetNode":{"$ref":"25"},"$type":"FlowCanvas.BinderConnection`1[[System.Single,
    mscorlib, Version=2.0.0.0, Culture=neutral, PublicKeyToken=b77a5c561934e089]]"},{"_sourcePortName":"Value","_targetPortName":"Y","_sourceNode":{"$ref":"25"},"_targetNode":{"$ref":"4"},"$type":"FlowCanvas.BinderConnection`1[[System.Single,
    mscorlib, Version=2.0.0.0, Culture=neutral, PublicKeyToken=b77a5c561934e089]]"},{"_sourcePortName":"Value","_targetPortName":"Transform","_sourceNode":{"$ref":"27"},"_targetNode":{"$ref":"30"},"$type":"FlowCanvas.BinderConnection`1[[UnityEngine.Transform,
    UnityEngine.CoreModule, Version=0.0.0.0, Culture=neutral, PublicKeyToken=null]]"},{"_sourcePortName":"Value","_targetPortName":"B","_sourceNode":{"$ref":"30"},"_targetNode":{"$ref":"15"},"$type":"FlowCanvas.BinderConnection`1[[UnityEngine.Vector3,
    UnityEngine.CoreModule, Version=0.0.0.0, Culture=neutral, PublicKeyToken=null]]"}],"canvasGroups":[{"name":"SHIP
    bullet movement","rect":{"xMin":5103.15,"yMin":5202.152,"xMax":6498.19,"yMax":5783.169}}],"localBlackboard":{"_name":"Local
    Blackboard","_variables":{}}}'
  boundGraphObjectReferences: []
  enableAction: 0
  disableAction: 0
  versionUpdateProxyGraph: {fileID: 0}
  _graph: {fileID: 114389056428243128}
  _blackboard: {fileID: 11413108}
--- !u!135 &13521986
SphereCollider:
  m_ObjectHideFlags: 1
  m_PrefabParentObject: {fileID: 0}
  m_PrefabInternal: {fileID: 100100000}
  m_GameObject: {fileID: 166778}
  m_Material: {fileID: 0}
  m_IsTrigger: 1
  m_Enabled: 1
  serializedVersion: 2
  m_Radius: 0.1
  m_Center: {x: 0, y: 0, z: 0}
--- !u!212 &21207064
SpriteRenderer:
  m_ObjectHideFlags: 1
  m_PrefabParentObject: {fileID: 0}
  m_PrefabInternal: {fileID: 100100000}
  m_GameObject: {fileID: 166778}
  m_Enabled: 1
  m_CastShadows: 0
  m_ReceiveShadows: 0
  m_DynamicOccludee: 1
  m_MotionVectors: 1
  m_LightProbeUsage: 1
  m_ReflectionProbeUsage: 1
  m_Materials:
  - {fileID: 10754, guid: 0000000000000000f000000000000000, type: 0}
  m_StaticBatchInfo:
    firstSubMesh: 0
    subMeshCount: 0
  m_StaticBatchRoot: {fileID: 0}
  m_ProbeAnchor: {fileID: 0}
  m_LightProbeVolumeOverride: {fileID: 0}
  m_ScaleInLightmap: 1
  m_PreserveUVs: 0
  m_IgnoreNormalsForChartDetection: 0
  m_ImportantGI: 0
  m_StitchLightmapSeams: 0
  m_SelectedEditorRenderState: 0
  m_MinimumChartSize: 4
  m_AutoUVMaxDistance: 0.5
  m_AutoUVMaxAngle: 89
  m_LightmapParameters: {fileID: 0}
  m_SortingLayerID: 0
  m_SortingLayer: 0
  m_SortingOrder: 0
  m_Sprite: {fileID: 21300000, guid: b557edad39c260a48854c96813fcba63, type: 3}
  m_Color: {r: 1, g: 1, b: 1, a: 1}
  m_FlipX: 0
  m_FlipY: 0
  m_DrawMode: 0
  m_Size: {x: 1, y: 1}
  m_AdaptiveModeThreshold: 0.5
  m_SpriteTileMode: 0
  m_WasSpriteAssigned: 1
  m_MaskInteraction: 0
--- !u!1001 &100100000
Prefab:
  m_ObjectHideFlags: 1
  serializedVersion: 2
  m_Modification:
    m_TransformParent: {fileID: 0}
    m_Modifications:
    - target: {fileID: 0}
      propertyPath: _objectReferences.Array.size
      value: 0
      objectReference: {fileID: 0}
    - target: {fileID: 0}
      propertyPath: _serializedGraph
      value: '{"version":2.20000004768372,"type":"FlowCanvas.FlowScript","name":"FlowScript","comments":"","translation":{"x":-4952.9990234375,"y":-5177.9990234375},"nodes":[{"_inputPortValues":null,"_collapsed":false,"_position":{"x":5250.0,"y":5280.0},"_name":null,"_tag":null,"_comment":null,"_isBreakpoint":false,"$type":"FlowCanvas.Nodes.UpdateEvent","$id":"2"},{"_method":{"_returnInfo":null,"_baseInfo":"UnityEngine.Transform|Translate","_paramsInfo":"System.Single|System.Single|System.Single"},"_reflectedMethodNode":{"$type":"FlowCanvas.Nodes.ReflectedActionNode`4[[UnityEngine.Transform,
        UnityEngine, Version=0.0.0.0, Culture=neutral, PublicKeyToken=null],[System.Single,
        mscorlib, Version=2.0.0.0, Culture=neutral, PublicKeyToken=b77a5c561934e089],[System.Single,
        mscorlib, Version=2.0.0.0, Culture=neutral, PublicKeyToken=b77a5c561934e089],[System.Single,
        mscorlib, Version=2.0.0.0, Culture=neutral, PublicKeyToken=b77a5c561934e089]]"},"_callable":true,"_inputPortValues":null,"_collapsed":false,"_position":{"x":5865.0,"y":5280.0},"_name":null,"_tag":null,"_comment":null,"_isBreakpoint":false,"$type":"FlowCanvas.Nodes.ReflectedMethodNodeWrapper","$id":"3"},{"_inputPortValues":null,"_collapsed":false,"_position":{"x":6120.0,"y":5370.0},"_name":null,"_tag":null,"_comment":null,"_isBreakpoint":false,"$type":"FlowCanvas.Nodes.SwitchBool","$id":"6"},{"_method":{"_returnInfo":null,"_baseInfo":"UnityEngine.Object|Destroy","_paramsInfo":"UnityEngine.Object"},"_reflectedMethodNode":{"$type":"FlowCanvas.Nodes.ReflectedActionNode`1[[UnityEngine.Object,
        UnityEngine, Version=0.0.0.0, Culture=neutral, PublicKeyToken=null]]"},"_callable":true,"_inputPortValues":null,"_collapsed":false,"_position":{"x":6330.0,"y":5370.0},"_name":null,"_tag":null,"_comment":null,"_isBreakpoint":false,"$type":"FlowCanvas.Nodes.ReflectedMethodNodeWrapper","$id":"7"},{"_method":{"_returnInfo":null,"_baseInfo":"UnityEngine.Transform|get_position","_paramsInfo":""},"_reflectedMethodNode":{"$type":"FlowCanvas.Nodes.ReflectedFunctionNode`2[[UnityEngine.Transform,
        UnityEngine, Version=0.0.0.0, Culture=neutral, PublicKeyToken=null],[UnityEngine.Vector3,
        UnityEngine, Version=0.0.0.0, Culture=neutral, PublicKeyToken=null]]"},"_callable":false,"_inputPortValues":null,"_collapsed":false,"_position":{"x":5548.0,"y":5492.0},"_name":null,"_tag":null,"_comment":null,"_isBreakpoint":false,"$type":"FlowCanvas.Nodes.ReflectedMethodNodeWrapper","$id":"10"},{"_method":{"_returnInfo":"System.Single","_baseInfo":"UnityEngine.Vector3|Distance","_paramsInfo":"UnityEngine.Vector3|UnityEngine.Vector3"},"_reflectedMethodNode":{"$type":"FlowCanvas.Nodes.ReflectedFunctionNode`3[[UnityEngine.Vector3,
        UnityEngine, Version=0.0.0.0, Culture=neutral, PublicKeyToken=null],[UnityEngine.Vector3,
        UnityEngine, Version=0.0.0.0, Culture=neutral, PublicKeyToken=null],[System.Single,
        mscorlib, Version=2.0.0.0, Culture=neutral, PublicKeyToken=b77a5c561934e089]]"},"_callable":false,"_inputPortValues":null,"_collapsed":false,"_position":{"x":5721.9990234375,"y":5501.9990234375},"_name":null,"_tag":null,"_comment":null,"_isBreakpoint":false,"$type":"FlowCanvas.Nodes.ReflectedMethodNodeWrapper","$id":"13"},{"_simplexNode":{},"_inputPortValues":{"B":{"$content":10.0,"$type":"System.Single"}},"_collapsed":false,"_position":{"x":5915.9990234375,"y":5521.9990234375},"_name":null,"_tag":null,"_comment":null,"_isBreakpoint":false,"$type":"FlowCanvas.Nodes.SimplexNodeWrapper`1[[FlowCanvas.Nodes.FloatGreaterThan,
        Assembly-CSharp, Version=0.0.0.0, Culture=neutral, PublicKeyToken=null]]","$id":"16"},{"_inputPortValues":null,"_collapsed":false,"_position":{"x":6120.0,"y":5475.0},"_name":null,"_tag":null,"_comment":null,"_isBreakpoint":false,"$type":"FlowCanvas.Nodes.OwnerVariable","$id":"19"},{"value":{"_value":0.0,"_name":"bulletMoveSpeed"},"_inputPortValues":null,"_collapsed":false,"_position":{"x":5205.0,"y":5385.0},"_name":null,"_tag":null,"_comment":null,"_isBreakpoint":false,"$type":"FlowCanvas.Nodes.GetVariable`1[[System.Single,
        mscorlib, Version=2.0.0.0, Culture=neutral, PublicKeyToken=b77a5c561934e089]]","$id":"20"},{"_simplexNode":{},"_inputPortValues":{"Multiplier":{"$content":1.0,"$type":"System.Single"}},"_collapsed":false,"_position":{"x":5520.0,"y":5385.0},"_name":null,"_tag":null,"_comment":null,"_isBreakpoint":false,"$type":"FlowCanvas.Nodes.SimplexNodeWrapper`1[[FlowCanvas.Nodes.DeltaTimed,
        Assembly-CSharp, Version=0.0.0.0, Culture=neutral, PublicKeyToken=null]]","$id":"22"},{"_method":{"_returnInfo":null,"_baseInfo":"UnityEngine.GameObject|FindGameObjectWithTag","_paramsInfo":"System.String","$id":"26"},"_reflectedMethodNode":{"$type":"FlowCanvas.Nodes.ReflectedFunctionNode`2[[System.String,
        mscorlib, Version=2.0.0.0, Culture=neutral, PublicKeyToken=b77a5c561934e089],[UnityEngine.GameObject,
        UnityEngine, Version=0.0.0.0, Culture=neutral, PublicKeyToken=null]]"},"_callable":false,"_inputPortValues":null,"_collapsed":false,"_position":{"x":5201.0,"y":5574.0},"_name":null,"_tag":null,"_comment":null,"_isBreakpoint":false,"$type":"FlowCanvas.Nodes.ReflectedMethodNodeWrapper","$id":"25"},{"_method":{"_returnInfo":null,"_baseInfo":"UnityEngine.Transform|get_position","_paramsInfo":"","$id":"29"},"_reflectedMethodNode":{"$type":"FlowCanvas.Nodes.ReflectedFunctionNode`2[[UnityEngine.Transform,
        UnityEngine, Version=0.0.0.0, Culture=neutral, PublicKeyToken=null],[UnityEngine.Vector3,
        UnityEngine, Version=0.0.0.0, Culture=neutral, PublicKeyToken=null]]"},"_callable":false,"_inputPortValues":null,"_collapsed":false,"_position":{"x":5561.0,"y":5568.0},"_name":null,"_tag":null,"_comment":null,"_isBreakpoint":false,"$type":"FlowCanvas.Nodes.ReflectedMethodNodeWrapper","$id":"28"}],"connections":[{"_sourcePortName":"Out","_targetPortName":"
        ","_infoExpanded":true,"_sourceNode":{"$ref":"2"},"_targetNode":{"$ref":"3"},"_isActive":true,"$type":"FlowCanvas.BinderConnection"},{"_sourcePortName":"
        ","_targetPortName":"In","_infoExpanded":true,"_sourceNode":{"$ref":"3"},"_targetNode":{"$ref":"6"},"_isActive":true,"$type":"FlowCanvas.BinderConnection"},{"_sourcePortName":"True","_targetPortName":"
        ","_infoExpanded":true,"_sourceNode":{"$ref":"6"},"_targetNode":{"$ref":"7"},"_isActive":true,"$type":"FlowCanvas.BinderConnection"},{"_sourcePortName":"Value","_targetPortName":"A","_infoExpanded":true,"_sourceNode":{"$ref":"10"},"_targetNode":{"$ref":"13"},"_isActive":true,"$type":"FlowCanvas.BinderConnection`1[[UnityEngine.Vector3,
        UnityEngine, Version=0.0.0.0, Culture=neutral, PublicKeyToken=null]]"},{"_sourcePortName":"Value","_targetPortName":"A","_infoExpanded":true,"_sourceNode":{"$ref":"13"},"_targetNode":{"$ref":"16"},"_isActive":true,"$type":"FlowCanvas.BinderConnection`1[[System.Single,
        mscorlib, Version=2.0.0.0, Culture=neutral, PublicKeyToken=b77a5c561934e089]]"},{"_sourcePortName":"Value","_targetPortName":"Condition","_infoExpanded":true,"_sourceNode":{"$ref":"16"},"_targetNode":{"$ref":"6"},"_isActive":true,"$type":"FlowCanvas.BinderConnection`1[[System.Boolean,
        mscorlib, Version=2.0.0.0, Culture=neutral, PublicKeyToken=b77a5c561934e089]]"},{"_sourcePortName":"Value","_targetPortName":"Obj","_infoExpanded":true,"_sourceNode":{"$ref":"19"},"_targetNode":{"$ref":"7"},"_isActive":true,"$type":"FlowCanvas.BinderConnection`1[[UnityEngine.Object,
        UnityEngine, Version=0.0.0.0, Culture=neutral, PublicKeyToken=null]]"},{"_sourcePortName":"Value","_targetPortName":"Value","_infoExpanded":true,"_sourceNode":{"$ref":"20"},"_targetNode":{"$ref":"22"},"_isActive":true,"$type":"FlowCanvas.BinderConnection`1[[System.Single,
        mscorlib, Version=2.0.0.0, Culture=neutral, PublicKeyToken=b77a5c561934e089]]"},{"_sourcePortName":"Value","_targetPortName":"Y","_infoExpanded":true,"_sourceNode":{"$ref":"22"},"_targetNode":{"$ref":"3"},"_isActive":true,"$type":"FlowCanvas.BinderConnection`1[[System.Single,
        mscorlib, Version=2.0.0.0, Culture=neutral, PublicKeyToken=b77a5c561934e089]]"},{"_sourcePortName":"Value","_targetPortName":"Transform","_infoExpanded":true,"_sourceNode":{"$ref":"25"},"_targetNode":{"$ref":"28"},"_isActive":true,"$type":"FlowCanvas.BinderConnection`1[[UnityEngine.Transform,
        UnityEngine, Version=0.0.0.0, Culture=neutral, PublicKeyToken=null]]"},{"_sourcePortName":"Value","_targetPortName":"B","_infoExpanded":true,"_sourceNode":{"$ref":"28"},"_targetNode":{"$ref":"13"},"_isActive":true,"$type":"FlowCanvas.BinderConnection`1[[UnityEngine.Vector3,
        UnityEngine, Version=0.0.0.0, Culture=neutral, PublicKeyToken=null]]"}],"primeNode":null,"canvasGroups":[{"name":"SHIP
        bullet movement","rect":{"xMin":5103.14990234375,"yMin":5202.15234375,"xMax":6498.1904296875,"yMax":5783.16943359375}}],"localBlackboard":{"_name":"Local
        Blackboard","_variables":{},"$type":"NodeCanvas.Framework.Internal.BlackboardSource"}}'
      objectReference: {fileID: 0}
    - target: {fileID: 0}
      propertyPath: m_TagString
      value: Bullet
      objectReference: {fileID: 0}
    - target: {fileID: 0}
      propertyPath: m_UseGravity
      value: 0
      objectReference: {fileID: 0}
    - target: {fileID: 0}
      propertyPath: _serializedBlackboard
      value: '{"_name":null,"_variables":{"bulletMoveSpeed":{"_value":1.0,"_propertyPath":null,"_name":"bulletMoveSpeed","_nonEditable":false,"$type":"NodeCanvas.Framework.Variable`1[[System.Single,
        mscorlib, Version=2.0.0.0, Culture=neutral, PublicKeyToken=b77a5c561934e089]]","$id":"2"}}}'
      objectReference: {fileID: 0}
    - target: {fileID: 0}
      propertyPath: _objectReferences.Array.data[0]
      value: 
      objectReference: {fileID: 119344, guid: 85500b416679d25448c33712b00494ad, type: 2}
    m_RemovedComponents: []
  m_ParentPrefab: {fileID: 0}
  m_RootGameObject: {fileID: 166778}
  m_IsPrefabParent: 1
--- !u!114 &114389056428243128
MonoBehaviour:
  m_ObjectHideFlags: 0
  m_PrefabParentObject: {fileID: 0}
  m_PrefabInternal: {fileID: 0}
  m_GameObject: {fileID: 0}
  m_Enabled: 1
  m_EditorHideFlags: 0
  m_Script: {fileID: 11500000, guid: 2d31b62ec9d586a4e94389d9071559ca, type: 3}
  m_Name: goBullet FlowScript
  m_EditorClassIdentifier: 
  _serializedGraph: '{"version":2.6,"type":"FlowCanvas.FlowScript","translation":{"x":-5067.0,"y":-5165.0},"nodes":[{"_inputPortValues":{},"_nodeColor":{"r":1.0,"g":0.3607843,"b":0.3607843,"a":1.0},"_position":{"x":5250.0,"y":5280.0},"$type":"FlowCanvas.Nodes.UpdateEvent","$id":"2"},{"_method":{"_returnInfo":"System.Void","_baseInfo":"UnityEngine.Transform|Translate","_paramsInfo":"System.Single|System.Single|System.Single"},"_callable":true,"_inputPortValues":{"X":{"$content":0.0,"$type":"System.Single"},"Z":{"$content":0.0,"$type":"System.Single"}},"_position":{"x":5865.0,"y":5280.0},"$type":"FlowCanvas.Nodes.ReflectedMethodNodeWrapper","$id":"4"},{"_inputPortValues":{},"_nodeColor":{"r":0.7490196,"g":0.4980392,"b":1.0,"a":1.0},"_position":{"x":6120.0,"y":5370.0},"$type":"FlowCanvas.Nodes.SwitchBool","$id":"7"},{"_method":{"_returnInfo":"System.Void","_baseInfo":"UnityEngine.Object|Destroy","_paramsInfo":"UnityEngine.Object"},"_callable":true,"_inputPortValues":{},"_position":{"x":6330.0,"y":5370.0},"$type":"FlowCanvas.Nodes.ReflectedMethodNodeWrapper","$id":"9"},{"_method":{"_returnInfo":"UnityEngine.Vector3","_baseInfo":"UnityEngine.Transform|get_position","_paramsInfo":""},"_inputPortValues":{},"_position":{"x":5548.0,"y":5492.0},"$type":"FlowCanvas.Nodes.ReflectedMethodNodeWrapper","$id":"12"},{"_method":{"_returnInfo":"System.Single","_baseInfo":"UnityEngine.Vector3|Distance","_paramsInfo":"UnityEngine.Vector3|UnityEngine.Vector3"},"_inputPortValues":{},"_position":{"x":5721.999,"y":5501.999},"$type":"FlowCanvas.Nodes.ReflectedMethodNodeWrapper","$id":"15"},{"_inputPortValues":{"B":{"$content":10.0,"$type":"System.Single"}},"_position":{"x":5915.999,"y":5521.999},"$type":"FlowCanvas.Nodes.SimplexNodeWrapper`1[[FlowCanvas.Nodes.FloatGreaterThan,
    Assembly-CSharp, Version=1.0.0.0, Culture=neutral, PublicKeyToken=null]]","$id":"18"},{"_inputPortValues":{},"_position":{"x":6120.0,"y":5475.0},"$type":"FlowCanvas.Nodes.OwnerVariable","$id":"20"},{"value":{"_name":"bulletMoveSpeed","_targetVariableID":"99bab17d-e023-407f-8bdf-e44b1f98f535"},"_inputPortValues":{},"_position":{"x":5205.0,"y":5385.0},"$type":"FlowCanvas.Nodes.GetVariable`1[[System.Single,
    mscorlib, Version=2.0.0.0, Culture=neutral, PublicKeyToken=b77a5c561934e089]]","$id":"22"},{"_inputPortValues":{"Multiplier":{"$content":1.0,"$type":"System.Single"}},"_position":{"x":5520.0,"y":5385.0},"$type":"FlowCanvas.Nodes.SimplexNodeWrapper`1[[FlowCanvas.Nodes.DeltaTimed,
    Assembly-CSharp, Version=1.0.0.0, Culture=neutral, PublicKeyToken=null]]","$id":"25"},{"_method":{"_returnInfo":"UnityEngine.GameObject","_baseInfo":"UnityEngine.GameObject|FindGameObjectWithTag","_paramsInfo":"System.String"},"_inputPortValues":{"Tag":{"$content":"Player","$type":"System.String"}},"_position":{"x":5201.0,"y":5574.0},"$type":"FlowCanvas.Nodes.ReflectedMethodNodeWrapper","$id":"27"},{"_method":{"_returnInfo":"UnityEngine.Vector3","_baseInfo":"UnityEngine.Transform|get_position","_paramsInfo":""},"_inputPortValues":{},"_position":{"x":5561.0,"y":5568.0},"$type":"FlowCanvas.Nodes.ReflectedMethodNodeWrapper","$id":"30"}],"connections":[{"_sourcePortName":"Out","_targetPortName":"
    ","_sourceNode":{"$ref":"2"},"_targetNode":{"$ref":"4"},"$type":"FlowCanvas.BinderConnection"},{"_sourcePortName":"
    ","_targetPortName":"In","_sourceNode":{"$ref":"4"},"_targetNode":{"$ref":"7"},"$type":"FlowCanvas.BinderConnection"},{"_sourcePortName":"True","_targetPortName":"
    ","_sourceNode":{"$ref":"7"},"_targetNode":{"$ref":"9"},"$type":"FlowCanvas.BinderConnection"},{"_sourcePortName":"Value","_targetPortName":"A","_sourceNode":{"$ref":"12"},"_targetNode":{"$ref":"15"},"$type":"FlowCanvas.BinderConnection`1[[UnityEngine.Vector3,
    UnityEngine.CoreModule, Version=0.0.0.0, Culture=neutral, PublicKeyToken=null]]"},{"_sourcePortName":"Value","_targetPortName":"A","_sourceNode":{"$ref":"15"},"_targetNode":{"$ref":"18"},"$type":"FlowCanvas.BinderConnection`1[[System.Single,
    mscorlib, Version=2.0.0.0, Culture=neutral, PublicKeyToken=b77a5c561934e089]]"},{"_sourcePortName":"Value","_targetPortName":"Condition","_sourceNode":{"$ref":"18"},"_targetNode":{"$ref":"7"},"$type":"FlowCanvas.BinderConnection`1[[System.Boolean,
    mscorlib, Version=2.0.0.0, Culture=neutral, PublicKeyToken=b77a5c561934e089]]"},{"_sourcePortName":"Value","_targetPortName":"Obj","_sourceNode":{"$ref":"20"},"_targetNode":{"$ref":"9"},"$type":"FlowCanvas.BinderConnection`1[[UnityEngine.Object,
    UnityEngine.CoreModule, Version=0.0.0.0, Culture=neutral, PublicKeyToken=null]]"},{"_sourcePortName":"Value","_targetPortName":"Value","_sourceNode":{"$ref":"22"},"_targetNode":{"$ref":"25"},"$type":"FlowCanvas.BinderConnection`1[[System.Single,
    mscorlib, Version=2.0.0.0, Culture=neutral, PublicKeyToken=b77a5c561934e089]]"},{"_sourcePortName":"Value","_targetPortName":"Y","_sourceNode":{"$ref":"25"},"_targetNode":{"$ref":"4"},"$type":"FlowCanvas.BinderConnection`1[[System.Single,
    mscorlib, Version=2.0.0.0, Culture=neutral, PublicKeyToken=b77a5c561934e089]]"},{"_sourcePortName":"Value","_targetPortName":"Transform","_sourceNode":{"$ref":"27"},"_targetNode":{"$ref":"30"},"$type":"FlowCanvas.BinderConnection`1[[UnityEngine.Transform,
    UnityEngine.CoreModule, Version=0.0.0.0, Culture=neutral, PublicKeyToken=null]]"},{"_sourcePortName":"Value","_targetPortName":"B","_sourceNode":{"$ref":"30"},"_targetNode":{"$ref":"15"},"$type":"FlowCanvas.BinderConnection`1[[UnityEngine.Vector3,
    UnityEngine.CoreModule, Version=0.0.0.0, Culture=neutral, PublicKeyToken=null]]"}],"canvasGroups":[{"name":"SHIP
    bullet movement","rect":{"xMin":5103.15,"yMin":5202.152,"xMax":6498.19,"yMax":5783.169}}],"localBlackboard":{"_name":"Local
    Blackboard","_variables":{}}}'
  _objectReferences: []
  _deserializationFailed: 0
